<?xml version="1.0" encoding="UTF-8"?><record xmlns="http://www.loc.gov/MARC21/slim" xmlns:cinclude="http://apache.org/cocoon/include/1.0" xmlns:zs="http://www.loc.gov/zing/srw/">
  <leader>00448nz  a2200145n  4500</leader>
  <controlfield tag="001">nb2006000421</controlfield>
  <controlfield tag="003">DLC</controlfield>
  <controlfield tag="005">20060110051343.0</controlfield>
  <controlfield tag="008">060109n| acannaabn          |n aaa      </controlfield>
  <datafield tag="010" ind1=" " ind2=" ">
    <subfield code="a">nb2006000421</subfield>
  </datafield>
  <datafield tag="035" ind1=" " ind2=" ">
    <subfield code="a">(Uk)006369238</subfield>
  </datafield>
  <datafield tag="040" ind1=" " ind2=" ">
    <subfield code="a">Uk</subfield>
    <subfield code="b">eng</subfield>
    <subfield code="c">Uk</subfield>
  </datafield>
  <datafield tag="100" ind1="1" ind2=" ">
    <subfield code="a">Driscoll, James,</subfield>
    <subfield code="d">1946-</subfield>
  </datafield>
  <datafield tag="670" ind1=" " ind2=" ">
    <subfield code="a">Commonhold, 2005:</subfield>
    <subfield code="b">t.p. (James Driscoll) back cover (A consultant solicitor)</subfield>
  </datafield>
  <datafield tag="670" ind1=" " ind2=" ">
    <subfield code="a">BL S&amp;C, 9 Jan. 2006:</subfield>
    <subfield code="b">(James Morgan Driscoll,born 22 May 1946)</subfield>
  </datafield>
</record>